<?xml version="1.0" encoding="UTF-8"?>
<record xmlns="http://www.loc.gov/MARC21/slim">
   <leader>01387cam a2200337 a 4500</leader>
   <controlfield tag="001">2401321</controlfield>
   <controlfield tag="005">19970327143329.4</controlfield>
   <controlfield tag="008">960927s1995    abc      b    000 0 eng  </controlfield>
   <datafield tag="010" ind1=" " ind2=" ">
      <subfield code="a">   96202190</subfield>
   </datafield>
   <datafield tag="035" ind1=" " ind2=" ">
      <subfield code="a">ocm36649018</subfield>
   </datafield>
   <datafield tag="040" ind1=" " ind2=" ">
      <subfield code="a">DLC</subfield>
      <subfield code="b">eng</subfield>
      <subfield code="c">DLC</subfield>
      <subfield code="d">AEMAN</subfield>
   </datafield>
   <datafield tag="043" ind1=" " ind2=" ">
      <subfield code="a">n-cn-ab</subfield>
   </datafield>
   <datafield tag="050" ind1="0" ind2="0">
      <subfield code="a">S535.C2</subfield>
      <subfield code="b">A37 1995</subfield>
   </datafield>
   <datafield tag="090" ind1=" " ind2=" ">
      <subfield code="a">S 535 A3 A37 1995</subfield>
      <subfield code="b">AVC</subfield>
   </datafield>
   <datafield tag="090" ind1=" " ind2=" ">
      <subfield code="a">S 530.52 A42 A4 1995</subfield>
      <subfield code="b">AEMAN</subfield>
   </datafield>
   <datafield tag="240" ind1="0" ind2="0">
      <subfield code="a">Agricultural Education Rationalization Project :</subfield>
      <subfield code="b">a joint project of Fairview College, Lakeland College, Lethbridge Community College, Olds College, Alberta Advanced Education and Career Development : initial report.</subfield>
   </datafield>
   <datafield tag="245" ind1="0" ind2="0">
      <subfield code="a">Agricultural Education Rationalization Project :</subfield>
      <subfield code="b">a joint project of Fairview College, Lakeland College, Lethbridge Community College, Olds College, Alberta Advanced Education and Career Development : initial report.</subfield>
   </datafield>
   <datafield tag="260" ind1=" " ind2=" ">
      <subfield code="a">[Edmonton, AB :</subfield>
      <subfield code="b">Alberta Advanced Education and Career Development,</subfield>
      <subfield code="c">1995]</subfield>
   </datafield>
   <datafield tag="300" ind1=" " ind2=" ">
      <subfield code="a">v, 72 p. ;</subfield>
      <subfield code="c">28 cm.</subfield>
   </datafield>
   <datafield tag="336" ind1=" " ind2=" ">
      <subfield code="a">text</subfield>
      <subfield code="b">txt</subfield>
      <subfield code="2">rdacontent</subfield>
   </datafield>
   <datafield tag="337" ind1=" " ind2=" ">
      <subfield code="a">unmediated</subfield>
      <subfield code="b">n</subfield>
      <subfield code="2">rdamedia</subfield>
   </datafield>
   <datafield tag="338" ind1=" " ind2=" ">
      <subfield code="a">volume</subfield>
      <subfield code="b">nc</subfield>
      <subfield code="2">rdacarrier</subfield>
   </datafield>
   <datafield tag="500" ind1=" " ind2=" ">
      <subfield code="a">Cover title.</subfield>
   </datafield>
   <datafield tag="500" ind1=" " ind2=" ">
      <subfield code="a">"July 1995."</subfield>
   </datafield>
   <datafield tag="504" ind1=" " ind2=" ">
      <subfield code="a">Includes bibliographical references (p. 34-35).</subfield>
   </datafield>
   <datafield tag="596" ind1=" " ind2=" ">
      <subfield code="a">2 53</subfield>
   </datafield>
   <datafield tag="610" ind1="2" ind2="0">
      <subfield code="a">Agricultural Education Rationalization Project.</subfield>
   </datafield>
   <datafield tag="650" ind1=" " ind2="0">
      <subfield code="a">Agriculture</subfield>
      <subfield code="x">Study and teaching (Higher)</subfield>
      <subfield code="z">Alberta.</subfield>
   </datafield>
   <datafield tag="710" ind1="1" ind2=" ">
      <subfield code="a">Alberta.</subfield>
      <subfield code="b">Alberta Advanced Education and Career Development.</subfield>
   </datafield>
   <datafield tag="926" ind1=" " ind2=" ">
      <subfield code="a">AGL_CAP</subfield>
      <subfield code="b">ON_SHELF</subfield>
      <subfield code="c">S 530.52 A42 A4 1995</subfield>
      <subfield code="d">BOOK</subfield>
      <subfield code="f">1</subfield>
   </datafield>
   <datafield tag="926" ind1=" " ind2=" ">
      <subfield code="a">AGL_CAP</subfield>
      <subfield code="b">ARCHIVES</subfield>
      <subfield code="c">S 530.52 A42 A4 1995</subfield>
      <subfield code="d">NO_LOAN</subfield>
      <subfield code="f">2</subfield>
   </datafield>
   <datafield tag="926" ind1=" " ind2=" ">
      <subfield code="a">LAKELND_VR</subfield>
      <subfield code="b">ON_SHELF</subfield>
      <subfield code="c">S 535 A3 A37 1995</subfield>
      <subfield code="d">BOOK</subfield>
      <subfield code="f">1</subfield>
   </datafield>
</record>
